@ARTICLE{7829341,
  author={Justin {Salamon} and Juan P. {Bello}},
  journal={IEEE Signal Processing Letters}, 
  title={Deep Convolutional Neural Networks and Data Augmentation for Environmental Sound Classification}, 
  year={2017},
  volume={24},
  number={3},
  pages={279-283},
}


@inproceedings{imagenetcvpr09,
AUTHOR = {Deng, J. and Dong, W. and Socher, R. and Li, L.-J. and Li, K. and Fei-Fei, L.},
TITLE = {{ImageNet: A Large-Scale Hierarchical Image Database}},
BOOKTITLE = {CVPR09},
YEAR = {2009},
BIBSOURCE = "http://www.image-net.org/papers/imagenet_cvpr09.bib"
}

@InProceedings{Cubuk2019CVPR,
author = {Cubuk, Ekin D. and Zoph, Barret and Mane, Dandelion and Vasudevan, Vijay and Le, Quoc V.},
title = {AutoAugment: Learning Augmentation Strategies From Data},
booktitle = {The IEEE Conference on Computer Vision and Pattern Recognition (CVPR)},
month = {June},
year = {2019}
}

@misc{antoniou2017data,
    title={Data Augmentation Generative Adversarial Networks},
    author={Antreas Antoniou and Amos Storkey and Harrison Edwards},
    year={2017},
    eprint={1711.04340},
    archivePrefix={arXiv},
    primaryClass={stat.ML}
}

@phdthesis{raffel2016learning,
  title={Learning-based methods for comparing sequences, with applications to audio-to-midi alignment and matching},
  author={Raffel, Colin},
  year={2016},
  school={Columbia University}
}

@inproceedings{
  hawthorne2018enabling,
  title={Enabling Factorized Piano Music Modeling and Generation with the {MAESTRO} Dataset},
  author={Curtis Hawthorne and Andriy Stasyuk and Adam Roberts and Ian Simon and Cheng-Zhi Anna Huang and Sander Dieleman and Erich Elsen and Jesse Engel and Douglas Eck},
  booktitle={International Conference on Learning Representations},
  year={2019},
  url={https://openreview.net/forum?id=r1lYRjC9F7},
}

@inproceedings{matthias2013a,
  author = {Matthias Mauch and Sebastian Ewert},
  title = {The Audio Degradation Toolbox and its Application to Robustness Evaluation},
  booktitle = {International Society for Music Information Retrieval Conference (ISMIR)},
  year = {2013}
} 

@InProceedings{ pandas,
  author    = { Wes McKinney },
  title     = { Data Structures for Statistical Computing in Python },
  booktitle = { Proceedings of the 9th Python in Science Conference },
  pages     = { 51 -- 56 },
  year      = { 2010 },
  editor    = { St\'efan van der Walt and Jarrod Millman }
}

@inproceedings{prettymidi,
  title={Intuitive analysis, creation and manipulation of MIDI data with pretty\_midi},
  author={Raffel, Colin and Ellis, Daniel PW},
  booktitle={International Society for Music Information Retrieval Conference Late Breaking and Demo Papers},
  pages={84--93},
  year={2014}
}

@article{maps,
	Author = {V. Emiya and R. Badeau and B. David},
	Journal = {{IEEE} Trans. Audio, Speech {\&} Language Processing},
	Number = {6},
	Pages = {1643--1654},
	Title = {Multipitch Estimation of Piano Sounds Using a New Probabilistic Spectral Smoothness Principle},
	Volume = {18},
	Year = {2010}
}

@article{Kelz2016,
  author = {Kelz, Rainer and Dorfer, Matthias and Korzeniowski, Filip and BÃ¶ck, Sebastian and Arzt, Andreas and Widmer, Gerhard},
  journal = {International Society for Music Information Retrieval Conference (ISMIR)},
  pages = {475--481},
  title = {On the Potential of Simple Framewise Approaches to Piano Transcription},
  year = {2016}
}

@inproceedings{Ycart2017,
  author = {Adrien Ycart and Emmanouil Benetos},
  title = {A Study on {LSTM} Networks for Polyphonic Music Sequence Modelling},
  booktitle = {International Society for Music Information Retrieval Conference (ISMIR)},
  pages = {421--427},
  year = {2017}
} 

@inproceedings{McLeod:19b,
  title={Blending acoustic and language model predictions for automatic music transcription},
  author={Ycart, Adrien and McLeod, Andrew and Benetos, Emmanouil and Yoshii, Kazuyoshi},
  booktitle={International Society for Music Information Retrieval Conference {(ISMIR)}},
  year={2019},
}

@Article{app8030470,
AUTHOR = {Wang, Qi and Zhou, Ruohua and Yan, Yonghong},
TITLE = {Polyphonic Piano Transcription with a Note-Based Music Language Model},
JOURNAL = {Applied Sciences},
VOLUME = {8},
YEAR = {2018},
NUMBER = {3},
ARTICLE-NUMBER = {470},
URL = {http://www.mdpi.com/2076-3417/8/3/470},
ISSN = {2076-3417},
}

@inproceedings{ycart2018polyphonic,
  title={{Polyphonic music sequence transduction with meter-constrained LSTM networks}},
  author={Ycart, Adrien and Benetos, Emmanouil},
  booktitle={IEEE International Conference on Acoustics, Speech and Signal Processing (ICASSP)},
  pages={386--390},
  year={2018}
}

@inproceedings{Bengio2015,
author = {Bengio, Samy and Vinyals, Oriol and Jaitly, Navdeep and Shazeer, Noam},
Booktitle = {Advances in Neural Information Processing Systems},
pages={1171-1179},
title={Scheduled sampling for sequence prediction with recurrent neural networks},
year={2015}
}

@inproceedings{van2017optical,
  title={Optical music recognition with convolutional sequence-to-sequence models},
  author={van der Wel, Eelco and Ullrich, Karen},
  booktitle={International Society for Music Information Retrieval Conference {(ISMIR)}},
  pages={731-737},
  year={2017}
}

@inproceedings{Bay2009,
  author = {Bay, Mert and Ehmann, Andreas F. and Downie, J. Stephen},
  booktitle = {International Society for Music Information Retrieval Conference {(ISMIR)}},
  pages = {315--320},
  title = {Evaluation of Multiple-f0 Estimation and Tracking Systems},
  year = {2009}
}

@inproceedings{mireval,
  title={mir\_eval: A transparent implementation of common {MIR} metrics},
  author={Raffel, Colin and McFee, Brian and Humphrey, Eric J. and Salamon, Justin and Nieto, Oriol and Liang, Dawen and Ellis, Dan P. W.},
  booktitle={International Society for Music Information Retrieval Conference (ISMIR)},
  year={2014}
}

@article{hochreiter1997long,
  title={Long short-term memory},
  author={Hochreiter, Sepp and Schmidhuber, J{\"u}rgen},
  journal={Neural computation},
  volume={9},
  number={8},
  pages={1735--1780},
  year={1997},
  publisher={MIT Press}
}

@inproceedings{cho2014learning,
  title={Learning phrase representations using {RNN} encoder-decoder for statistical machine translation},
  author={Cho, Kyunghyun and Van Merri{\"e}nboer, Bart and Gulcehre, Caglar and Bahdanau, Dzmitry and Bougares, Fethi and Schwenk, Holger and Bengio, Yoshua},
  booktitle={Conference on Empirical Methods in Natural Language Processing (EMNLP)},
  pages={1724-1734},
  year={2014}
}

@inproceedings{adam,
    title={Adam: A Method for Stochastic Optimization},
    author={Diederik P. Kingma and Jimmy Ba},
    year={2015},
    booktitle={International Conference for Learning Representations}
}

@article{transformer,
  title={Music Transformer: Generating Music with Long-Term Structure},
  author={Huang, Cheng-Zhi Anna and Vaswani, Ashish and Uszkoreit, Jakob and Shazeer, Noam and Hawthorne, Curtis and Dai, Andrew M and Hoffman, Matthew D and Eck, Douglas},
  journal={arXiv preprint arXiv:1809.04281},
  year={2018}
}

@article{oore2020time,
  title={This time with feeling: Learning expressive musical performance},
  author={Oore, Sageev and Simon, Ian and Dieleman, Sander and Eck, Douglas and Simonyan, Karen},
  journal={Neural Computing and Applications},
  volume={32},
  number={4},
  pages={955--967},
  year={2020},
  publisher={Springer}
}