@book{Cousteau1963,
abstract = {In The Living Sea Jacques Yves Cousteau describes the rich and exciting progress made in exploring life under water by the numerous scientific expeditions which he has been directing since, in his earlier book, The Silent World, he wrote this classic account of man's first experience on the continent below the sea.},
address = {London},
author = {{Cousteau Jacques} and {Dugan James}},
pages = {1--212},
publisher = {Hamish Hamilton},
title = {{The Living Sea: by Jacques-Yves Cousteau}},
type = {Book},
year = {1963}
}

@phdthesis{el_sayed_larcheologie_2012,
	type = {These de doctorat},
	title = {L’archéologie sous-marine en {Egypte}. {Rappel} critique de son histoire et propositions pour une politique de gestion des vestiges immergés en {Egypte}, à la lumière des autres expériences en {Méditerranée}.},
	copyright = {Licence Etalab},
	url = {https://www.theses.fr/2012LYO20120},
	abstract = {À côté de la jeune histoire de l’archéologie sous-marine égyptienne qui est retracée dans ce travail, les expériences similaires dans le monde méditerranéen sont beaucoup plus anciennes. Elles remontent au XVe siècle avec la découverte d’une épave du Ier siècle ap. J.-C. dans le lac Nemi, puis à la récupération d'une partie de la cargaison de l'épave antique d'Anticythère en 1901 grâce aux pêcheurs d'éponges grecs, ainsi qu’à la découverte en 1907 de l'épave romaine de Mahdia en Tunisie. Elles constituent des événements marquants dans le domaine de l'archéologie sous-marine. Mais l’archéologie sous-marine s’est développée de manière spectaculaire avec l’invention du scaphandre autonome par les français Jacques-Yves Cousteau et l’ingénieur Émile Gagnan. Cette invention provoqua une véritable révolution dans le domaine des activités sous-marines en 1942-1943. Ensuite les découvertes se succédèrent dans le bassin méditerranéen pendant plus d’un demi-siècle et de nombreux pays à travers le monde décidèrent de la mise en place de service archéologique spécialement dédié aux activités subaquatiques et sous-marines.Cette thèse porte sur une politique de gestion des vestiges immergés en Egypte, à la lumière des autres expériences en Méditerranée, afin d’attirer l'attention sur la richesse du patrimoine subaquatique égyptien à travers une étude dans le détail et dans son ensemble de l’action du Conseil suprême des Antiquités de l’Égypte et des diverses missions étrangères travaillant en Egypte. Elle propose une politique de protection efficace du patrimoine culturel subaquatique en Egypte, et des suggestions de développement du tourisme archéologique sous-marin et subaquatique, pour transformer ces richesses englouties en vecteur économique, tout en assurant leur protection adéquate par une législation spécifique qui n’existe pas encore en Egypte.},
	urldate = {2021-02-21},
	school = {Lyon 2},
	author = {El sayed, Mohamed},
	collaborator = {Empereur, Jean-Yves},
	month = nov,
	year = {2012},
	keywords = {Aboukir, Archéologie sous-marine, Archéologie sous-marine -- Égypte, Archéologie sous-marine -- Méditerranée (mer), Conventions internationales, Eastern harbor of Alexandria, Egypt, Egypte, France, Gestion du patrimoine sous-marin, International conventions, Italie, Italy, Lighthouse of Alexandria, Mediterranean, Méditerranée, Mer Rouge, Phare d’Alexandrie, Port est d’Alexandrie, Red Sea, Sites archéologiques -- Égypte, Tunisia, Tunisie, Underwater archaeology, Underwater heritage Management},
}